<?xml version="1.0" encoding="UTF-8" ?>
<collection xmlns:xsi="http://www.w3.org/2001/XMLSchema-instance"
    xsi:schemaLocation="http://www.loc.gov/MARC21/slim
        http://www.loc.gov/standards/marcxml/schema/MARC21slim.xsd"
    xmlns="http://www.loc.gov/MARC21/slim">
<record>
  <leader>00242cam a2200457 i 4500</leader>
  <controlfield tag="001">b12777791</controlfield>
  <controlfield tag="003">LeBAU</controlfield>
  <controlfield tag="005">20171107</controlfield>
  <controlfield tag="008">971126s1936    le       b    ||0 0 ara d</controlfield>
  <datafield tag="035" ind1=" " ind2=" ">
    <subfield code="a">ocn784511044</subfield>
  </datafield>
  <datafield tag="040" ind1=" " ind2=" ">
    <subfield code="a">LEAUB</subfield>
    <subfield code="b">ara</subfield>
    <subfield code="e">rda</subfield>
    <subfield code="c">LEAUB</subfield>
    <subfield code="d">LEAUB</subfield>
  </datafield>
  <datafield tag="082" ind1="0" ind2="4">
    <subfield code="a">892.7109</subfield>
    <subfield code="2">22</subfield>
  </datafield>
  <datafield tag="100" ind1="1" ind2=" ">
    <subfield code="6">880-01</subfield>
    <subfield code="a">Maqdisī, Anīs,</subfield>
    <subfield code="e">author.</subfield>
  </datafield>
  <datafield tag="245" ind1="1" ind2="0">
    <subfield code="6">880-02</subfield>
    <subfield code="a">Umarā’ al-shi‘r al-‘Arabī fī al-‘Aṣr al-‘Abbāsī :</subfield>
    <subfield code="b">wa-huwa dirāsāt taḥlīlīyah li-adab thamānīyah min ashhar shu‘arā’ al-‘Arab wa-lil-jaw alladhī nasha’ū fīh /</subfield>
    <subfield code="c">Anīs al-Maqdisī, ustādh al-adab al-‘Arabī fī Jāmi‘at Bayrūt al-Amīrkīyah.</subfield>
  </datafield>
  <datafield tag="250" ind1=" " ind2=" ">
    <subfield code="6">880-03</subfield>
    <subfield code="a">al-Ṭab‘ah al-thānīyah.</subfield>
  </datafield>
  <datafield tag="264" ind1=" " ind2="1">
    <subfield code="6">880-04</subfield>
    <subfield code="a">[Bayrūt] :</subfield>
    <subfield code="b">al-Dā’irah al-‘Arabīyah fī Jāmi‘at Bayrūt al-Amīrikīyah,</subfield>
    <subfield code="c">1936.</subfield>
  </datafield>
  <datafield tag="300" ind1=" " ind2=" ">
    <subfield code="6">880-05</subfield>
    <subfield code="a">b-w, 402 pages ;</subfield>
    <subfield code="c">24 cm</subfield>
  </datafield>
  <datafield tag="336" ind1=" " ind2=" ">
    <subfield code="a">text</subfield>
    <subfield code="b">txt</subfield>
    <subfield code="2">rdacontent</subfield>
  </datafield>
  <datafield tag="337" ind1=" " ind2=" ">
    <subfield code="a">unmediated</subfield>
    <subfield code="b">n</subfield>
    <subfield code="2">rdamedia</subfield>
  </datafield>
  <datafield tag="338" ind1=" " ind2=" ">
    <subfield code="a">volume</subfield>
    <subfield code="b">nc</subfield>
    <subfield code="2">rdacarrier</subfield>
  </datafield>
  <datafield tag="500" ind1=" " ind2=" ">
    <subfield code="a">"من منشورات الدائرة العربية في جامعة بيروت الأميركية؛ طبع على نفقة وقفية ثيودور في الجامعة المذكورة."</subfield>
  </datafield>
  <datafield tag="504" ind1=" " ind2=" ">
    <subfield code="a">يتضمن مراجع ببليوغرافية.</subfield>
  </datafield>
  <datafield tag="505" ind1="0" ind2=" ">
    <subfield code="a">أبو نواس -- أبو العتاهية -- أبو تمام -- البحتري -- إبن الرومي -- المتنبي -- المعري -- ابن الفارض.</subfield>
  </datafield>
  <datafield tag="650" ind1=" " ind2="4">
    <subfield code="a">الشعر العربي</subfield>
    <subfield code="y">750-1258</subfield>
    <subfield code="x">تاريخ ونقد.</subfield>
  </datafield>
  <datafield tag="650" ind1=" " ind2="4">
    <subfield code="a">الشعراء العرب</subfield>
    <subfield code="y">750-1258</subfield>
    <subfield code="v">تراجم.</subfield>
  </datafield>
  <datafield tag="650" ind1=" " ind2="0">
    <subfield code="a">Arabic poetry</subfield>
    <subfield code="y">750-1258</subfield>
    <subfield code="x">History and criticism.</subfield>
  </datafield>
  <datafield tag="650" ind1=" " ind2="0">
    <subfield code="a">Poets, Arab</subfield>
    <subfield code="y">750-1258</subfield>
    <subfield code="v">Biography.</subfield>
  </datafield>
  <datafield tag="775" ind1="0" ind2=" ">
    <subfield code="6">880-06</subfield>
    <subfield code="i">has designation of edition</subfield>
    <subfield code="4">http://rdaregistry.info/Elements/m/P30133:</subfield>
    <subfield code="t">Umarā’ al-shi‘r al-‘Arabī fī al-‘Aṣr al-‘Abbāsī : wa-huwa dirāsāt taḥlīlīyah li-adab thamānīyah min ashhar shu‘arā’ al-‘Arab wa-lil-jaw alladhī nasha’ū fīh.</subfield>
    <subfield code="b">al-Ṭab‘ah al-thālithah.</subfield>
    <subfield code="d">[Bayrūt] : Jāmi‘at Bayrūt al-Amīrikīyah, 1946</subfield>
    <subfield code="w">(OCoLC)784405570</subfield>
    <subfield code="w">(OCoLC)784507057</subfield>
  </datafield>
  <datafield tag="775" ind1="0" ind2=" ">
    <subfield code="6">880-07</subfield>
    <subfield code="i">دلالة على الطبعة</subfield>
    <subfield code="4">http://rdaregistry.info/Elements/m/P30133:</subfield>
    <subfield code="t">أمراء الشعر العربي في العصر العباسي: وهو دراسات تحليلية لأدب ثمانية من أشهر شعراء العرب وللجو الذي نشأوا فيه.</subfield>
    <subfield code="b">الطبعة الثالثة.</subfield>
    <subfield code="d">[بيروت] : جامعة بيروت الأميركية، 1946</subfield>
    <subfield code="w">b12556336</subfield>
    <subfield code="w">(OCoLC)784405570</subfield>
  </datafield>
  <datafield tag="852" ind1=" " ind2=" ">
    <subfield code="a">Jafet Archives and Special Collections</subfield>
    <subfield code="e">American University of Beirut, Bliss Street , Beirut, Lebanon.</subfield>
  </datafield>
  <datafield tag="880" ind1="1" ind2=" ">
    <subfield code="6">100-01/(3/r</subfield>
    <subfield code="a">المقدسي، انيس،</subfield>
    <subfield code="e">مؤلف. </subfield>
    <subfield code="4">aut.</subfield>
  </datafield>
  <datafield tag="880" ind1="1" ind2="0">
    <subfield code="6">245-02/(3/r</subfield>
    <subfield code="a">أمراء الشعر العربي في العصر العباسي :</subfield>
    <subfield code="b">وهو دراسات تحليلية لأدب ثمانية من أشهر شعراء العرب وللجو الذي نشأوا فيه /</subfield>
    <subfield code="c">أنيس المقدسي، أستاذ الأدب العربي في جامعة بيروت الأميركية.</subfield>
  </datafield>
  <datafield tag="880" ind1=" " ind2=" ">
    <subfield code="6">250-03/(3/r</subfield>
    <subfield code="a">الطبعة الثانية.</subfield>
  </datafield>
  <datafield tag="880" ind1=" " ind2="1">
    <subfield code="6">264-04/(3/r</subfield>
    <subfield code="a">[بيروت] :</subfield>
    <subfield code="b">الدائرة العربية في جامعة بيروت الأميركية،</subfield>
    <subfield code="c">1936.</subfield>
  </datafield>
  <datafield tag="880" ind1="0" ind2=" ">
    <subfield code="6">775-06/(3/r</subfield>
    <subfield code="i">دلالة على الطبعة</subfield>
    <subfield code="4">http://rdaregistry.info/Elements/m/P30133:</subfield>
    <subfield code="t">أمراء الشعر العربي في العصر العباسي: وهو دراسات تحليلية لأدب ثمانية من أشهر شعراء العرب وللجو الذي نشأوا فيه.</subfield>
    <subfield code="b">الطبعة الأولى.</subfield>
    <subfield code="d">بيروت : المطبعة الأدبية، 1932</subfield>
    <subfield code="w">b12764255</subfield>
    <subfield code="w">(OCoLC)784507057</subfield>
  </datafield>
  <datafield tag="880" ind1=" " ind2=" ">
    <subfield code="6">300-05/(3/r</subfield>
    <subfield code="a">ب-و، 402 صفحة ؛</subfield>
    <subfield code="c">24 سم</subfield>
  </datafield>
  <datafield tag="880" ind1="0" ind2=" ">
    <subfield code="6">775-07/(3/r</subfield>
    <subfield code="i">has designation of edition</subfield>
    <subfield code="4">http://rdaregistry.info/Elements/m/P30133:</subfield>
    <subfield code="t">Umarā’ al-shi‘r al-‘Arabī fī al-‘Aṣr al-‘Abbāsī : wa-huwa dirāsāt taḥlīlīyah li-adab thamānīyah min ashhar shu‘arā’ al-‘Arab wa-lil-jaw alladhī nasha’ū fīh.</subfield>
    <subfield code="b">al-Ṭab‘ah al-ūlá.</subfield>
    <subfield code="d">Bayrūt : al-Dā’irah al-‘Arabīyah fī Jāmi‘at Bayrūt al-Amīrikīyah, 1932</subfield>
    <subfield code="w">b12556336</subfield>
    <subfield code="w">(OCoLC)784405570</subfield>
  </datafield>
  <datafield tag="907" ind1=" " ind2=" ">
    <subfield code="a">.b12777791</subfield>
    <subfield code="b">17-11-23</subfield>
    <subfield code="c">11-05-24</subfield>
  </datafield>
  <datafield tag="907" ind1=" " ind2=" ">
    <subfield code="a">.b12777791</subfield>
    <subfield code="b">15-10-15</subfield>
    <subfield code="c">11-05-24</subfield>
  </datafield>
  <datafield tag="945" ind1=" " ind2=" ">
    <subfield code="f">CA:AUB</subfield>
    <subfield code="a">892.7109:M234u2A:c.1</subfield>
    <subfield code="i">01068700</subfield>
    <subfield code="j">.i13362707</subfield>
    <subfield code="l">u0305</subfield>
  </datafield>
  <datafield tag="998" ind1=" " ind2=" ">
    <subfield code="a">u03</subfield>
    <subfield code="b">97-11-26</subfield>
    <subfield code="c">m</subfield>
    <subfield code="d">a</subfield>
    <subfield code="e">-</subfield>
    <subfield code="f">ara</subfield>
    <subfield code="g">le </subfield>
    <subfield code="h">0</subfield>
    <subfield code="i">1</subfield>
  </datafield>
</record>
</collection>
